@article{bascompte2007plant,
  title={Plant-animal mutualistic networks: the architecture of biodiversity},
  author={Bascompte, Jordi and Jordano, Pedro},
  journal={Annual Review of Ecology, Evolution, and Systematics},
  pages={567--593},
  year={2007},
  publisher={JSTOR}
}

@article{klein2007importance,
  title={Importance of pollinators in changing landscapes for world crops},
  author={Klein, Alexandra-Maria and Vaissiere, Bernard E and Cane, James H and Steffan-Dewenter, Ingolf and Cunningham, Saul A and Kremen, Claire and Tscharntke, Teja},
  journal={Proceedings of the Royal Society B: Biological Sciences},
  volume={274},
  number={1608},
  pages={303--313},
  year={2007},
  publisher={The Royal Society}
}

@article{hegland2009does,
  title={How does climate warming affect plant-pollinator interactions?},
  author={Hegland, Stein Joar and Nielsen, Anders and L{\'a}zaro, Amparo and Bjerknes, Anne-Line and Totland, {\O}rjan},
  journal={Ecology Letters},
  volume={12},
  number={2},
  pages={184--195},
  year={2009},
  publisher={Wiley Online Library}
}

@article{bronstein2006evolution,
  title={The evolution of plant--insect mutualisms},
  author={Bronstein, Judith L and Alarc{\'o}n, Ruben and Geber, Monica},
  journal={New Phytologist},
  volume={172},
  number={3},
  pages={412--428},
  year={2006},
  publisher={Wiley Online Library}
}

@article{ollerton2011many,
  title={How many flowering plants are pollinated by animals?},
  author={Ollerton, Jeff and Winfree, Rachael and Tarrant, Sam},
  journal={Oikos},
  volume={120},
  number={3},
  pages={321--326},
  year={2011},
  publisher={Wiley Online Library}
}

@inproceedings{hu2008collaborative,
  title={Collaborative filtering for implicit feedback datasets},
  author={Hu, Yifan and Koren, Yehuda and Volinsky, Chris},
  booktitle={Data Mining, 2008. ICDM'08. Eighth IEEE International Conference on},
  pages={263--272},
  year={2008},
  organization={IEEE}
}
@article{koren2009matrix,
  title={Matrix factorization techniques for recommender systems},
  author={Koren, Yehuda and Bell, Robert and Volinsky, Chris},
  journal={Computer},
  volume={42},
  number={8},
  pages={30--37},
  year={2009},
  publisher={Institute of Electrical and Electronics Engineers, Inc., 3 Park Avenue, 17 th Fl New York NY 10016-5997 United States}
}

@book{mackinnon2004plants,
  title={Plants of the Pacific Northwest Coast: Washington, Oregon, British Columbia and Alaska},
  author={MacKinnon, A. and Pojar, J. and Alaback, P.B.},
  isbn={9781551055305},
  url={http://books.google.com/books?id=Z\_uBPwAACAAJ},
  year={2004},
  publisher={Lone Pine Publishing USA}
}

@article{lin2014signals,
  title={Signals in the Silence: Models of Implicit Feedback in a Recommendation System for Crowdsourcing},
  author={Lin, Christopher H and Kamar, Ece and Horvitz, Eric},
  year={2014}
}

@Manual{R,
  title = {R: A Language and Environment for Statistical Computing},
  author = {{R Core Team}},
  organization = {R Foundation for Statistical Computing},
  address = {Vienna, Austria},
  year = {2014},
  url = {http://www.R-project.org/},
}

@MastersThesis{pfeiffer2012influence,
  title = {Influence of Spatial and Temporal Factos on Plants, Pollinators and Plant-pollinator Interactions in Montane Meadows of the Western Cascades Range},
  author = {Pfeiffer, V. W.},
  year = {2013},
  school = {Oregon State University},
  address = {Corvallis, USA},
  month = 6,
}

@conference{moldenke2014pollination,
  author = {Moldenke, A.},
  title = {Pollination community structure revisited: A critical examination of networking statistics and a proposed modeling technique to permit cross site networking comparisons of field data},
  year = {2014},
  month = {June},
  address = {Valencia, Spain},
  organization = {3rd International Conference on Biodiversity and Sustainable Energy Development}
}

@book{bipartite,
  title={Bipartite graphs and their applications},
  author={Asratian, Armen S},
  number={131},
  year={1998},
  publisher={Cambridge University Press}
}

@article{dormann2009indices,
  title={Indices, graphs and null models: analyzing bipartite ecological networks},
  author={Dormann, Carsten F and Fr{\"u}nd, Jochen and Bl{\"u}thgen, Nico and Gruber, Bernd},
  year={2009}
}

@Manual{Hmisc,
  title = {Hmisc: Harrell Miscellaneous},
  author = {Frank E Harrell Jr and with contributions from Charles Dupont and many others.},
  year = {2014},
  note = {R package version 3.14-4},
  url = {http://CRAN.R-project.org/package=Hmisc},
}

